@manual{ GNATintro,
  author       = "adacore",
  howpublished = {http://docs.adacore.com/gnat-unw-docs/html/gnat\_ugn\_12.html},
  year         = {April 19 2013},
  note         = "[Online; Accessed Sat Apr 20 17:19:05 EDT 2013]"}

@article{ RFC2616, 
author = "The Internet Society", 
howpublished = {http://tools.ietf.org/pdf/rfc2616.pdf},
year = {1999},
note = "[Online; Accessed Mon Apr 22 10:33:36 EDT 2013]"}

@manual{RosettaCodeAdaEchoServer,
author = "rosettacode.org", 
howpublished = {http://rosettacode.org/wiki/Echo\_server#Ada},
year = {2013}, 
note = "[Online; Accessed Fri Apr 26 17:40:22 EDT 2013]"}

@manual{EmailFromArvidsLemche,
author = "Arvids Lemche",
howpublished = {http://computer-programming-forum.com/44-ada/cec1a5b54a138687.htm},
year = {2005}, 
note = "[Online; Accessed Fri Apr 26 17:43:01 EDT 2013"}

@manual{AdaTaskingAndConcurrency,
author = "Wikibooks",
howpublished = {http://en.wikibooks.org/wiki/Ada_Programming/Tasking},
year = {2013},
note = "[Online; Accessed Fri Apr 26 18:36:58 EDT 2013]"}
